@Article{ bowman:reasoning,
	AUTHOR = "Mic Bowman and Saumya K. Debray and Larry L. Peterson",
	TITLE = "Reasoning About Naming Systems",
	JOURNAL = "ACM Trans. Program. Lang. Syst.",
	VOLUME = "15",
	NUMBER = "5",
	PAGES = "795--825",
	MONTH = "November",
	YEAR = "1993"
}

@Article{ braams:babel,
	AUTHOR = "Johannes Braams",
	TITLE = "Babel, a Multilingual Style-Option System for Use with LaTeX's Standard Document Styles",
	JOURNAL = "TUGboat",
	VOLUME = "12",
	NUMBER = "2",
	PAGES = "291--301",
	MONTH = "June",
	YEAR = "1991"
}

@InProceedings{ clark:pct,
	AUTHOR = "Malcolm Clark",
	TITLE = "Post Congress Tristesse",
	BOOKTITLE = "TeX90 Conference Proceedings",
	PAGES = "84--89",
	ORGANIZATION = "TeX Users Group",
	MONTH = "March",
	YEAR = "1991"
}

@Article{ herlihy:methodology,
	AUTHOR = "Maurice Herlihy",
	TITLE = "A Methodology for Implementing Highly Concurrent Data Objects",
	JOURNAL = "ACM Trans. Program. Lang. Syst.",
	VOLUME = "15",
	NUMBER = "5",
	PAGES = "745--770",
	MONTH = "November",
	YEAR = "1993"
}

@Book{ Lamport:LaTeX,
	AUTHOR = "Leslie Lamport",
	TITLE = "LaTeX User's Guide and Document Reference Manual",
	PUBLISHER = "Addison-Wesley Publishing Company",
	ADDRESS = "Reading, Massachusetts",
	YEAR = "1986"
}

@Book{ salas:calculus,
	AUTHOR = "S.L. Salas and Einar Hille",
	TITLE = "Calculus: One and Several Variable",
	PUBLISHER = "John Wiley and Sons",
	ADDRESS = "New York",
	YEAR = "1978"
}

@Book{ kurose_2001,
	author = "James F. Kurose and Keith W. Ross",
	title = "Computer networking - a top-down approach featuring the internet",
	publisher = "Addison-Wesley-Longman",
	year = "2001",
	isbn = "978-0-201-47711-5",
	pages = "I--XXIV, 1--712",
	bibsource = "DBLP, http://dblp.uni-trier.de"
}

@Article{ huynh-thu_2008,
	title = "{Temporal aspect of perceived quality in mobile video broadcasting}",
	author = "Q. Huynh-Thu and M. Ghanbari",
	journal = "Broadcasting, IEEE Transactions on",
	volume = "54",
	number = "3",
	pages = "641--651",
	issn = "0018-9316",
	year = "2008",
	publisher = "IEEE"
}

@Book{ ableson_2009,
	author = "Frank Ableson and Charlie Collins and Robi Sen",
	title = "Unlocking Android",
	year = "2009",
	isbn = "1933988673, 9781933988672",
	publisher = "Manning Publications Co.",
	address = "Greenwich, CT, USA"
}

